% Encoding: UTF-8

@Misc{Kitchenham07,
  author = {B. Kitchenham and S. Charters},
  title  = {Guidelines for performing Systematic Literature Reviews in Software Engineering},
  year   = {2007},
}

@InProceedings{Cruzes2011,
  author    = {D. S. Cruzes and T. Dyba},
  title     = {Recommended Steps for Thematic Synthesis in Software Engineering},
  booktitle = {2011 International Symposium on Empirical Software Engineering and Measurement},
  year      = {2011},
  publisher = {{IEEE}},
  doi       = {10.1109/esem.2011.36},
}

@InProceedings{Wang2010,
  author    = {Hongning Wang and Yue Lu and Chengxiang Zhai},
  title     = {Latent aspect rating analysis on review text data},
  booktitle = {Proceedings of the 16th {ACM} {SIGKDD} international conference on knowledge discovery and data mining},
  year      = {2010},
  publisher = {{ACM}},
  doi       = {10.1145/1835804.1835903},
}

@Article{Goldberg1992,
  author    = {David Goldberg and David Nichols and Brian M. Oki and Douglas Terry},
  title     = {Using collaborative filtering to weave an information tapestry},
  journal   = {Communications of the {ACM}},
  year      = {1992},
  volume    = {35},
  number    = {12},
  pages     = {61--70},
  doi       = {10.1145/138859.138867},
  publisher = {{ACM}},
}

@InCollection{Burke2007,
  author    = {Robin Burke},
  title     = {Hybrid Web Recommender Systems},
  booktitle = {The Adaptive Web},
  publisher = {Springer Berlin Heidelberg},
  year      = {2007},
  pages     = {377--408},
  doi       = {10.1007/978-3-540-72079-9_12},
}

@Article{Balabanovic1997,
  author    = {Marko Balabanovi\'{c} and Yoav Shoham},
  title     = {Fab: content-based, collaborative recommendation},
  journal   = {Communications of the {ACM}},
  year      = {1997},
  volume    = {40},
  number    = {3},
  pages     = {66--72},
  doi       = {10.1145/245108.245124},
  publisher = {{ACM}},
}

@Article{Adomavicius2005,
  author    = {G. Adomavicius and A. Tuzhilin},
  title     = {Toward the next generation of recommender systems: a survey of the state-of-the-art and possible extensions},
  journal   = {{IEEE} Transactions on Knowledge and Data Engineering},
  year      = {2005},
  volume    = {17},
  number    = {6},
  pages     = {734--749},
  doi       = {10.1109/tkde.2005.99},
  publisher = {{IEEE}},
}

@InCollection{Adomavicius2015,
  author    = {Gediminas Adomavicius and YoungOk Kwon},
  title     = {Multi-Criteria Recommender Systems},
  booktitle = {Recommender Systems Handbook},
  publisher = {Springer},
  year      = {2015},
  pages     = {847--880},
  doi       = {10.1007/978-1-4899-7637-6_25},
}

@Article{Manouselis2007,
  author    = {Nikos Manouselis and Constantina Costopoulou},
  title     = {Analysis and Classification of Multi-Criteria Recommender Systems},
  journal   = {World Wide Web},
  year      = {2007},
  volume    = {10},
  number    = {4},
  pages     = {415--441},
  doi       = {10.1007/s11280-007-0019-8},
  publisher = {Springer},
}

@Article{Cano2017,
  author    = {Erion Çano and Maurizio Morisio},
  title     = {Hybrid recommender systems: A systematic literature review},
  journal   = {Intelligent Data Analysis},
  year      = {2017},
  volume    = {21},
  number    = {6},
  pages     = {1487--1524},
  issn      = {1088-467X},
  doi       = {10.3233/IDA-163209},
  publisher = {IOS Press},
}

@Article{Figueroa2015,
  author    = {Cristhian Figueroa and Iacopo Vagliano and Oscar Rodr\'iguez Rocha and Maurizio Morisio},
  title     = {A systematic literature review of Linked Data-based recommender systems},
  journal   = {Concurrency and Computation: Practice and Experience},
  year      = {2015},
  volume    = {27},
  number    = {17},
  pages     = {4659--4684},
  doi       = {10.1002/cpe.3449},
  publisher = {Wiley},
}

@InCollection{Guy2015,
  author    = {Ido Guy},
  title     = {Social Recommender Systems},
  booktitle = {Recommender Systems Handbook},
  publisher = {Springer},
  year      = {2015},
  pages     = {511--543},
  doi       = {10.1007/978-1-4899-7637-6_15},
}

@InCollection{Gemmis2015a,
  author    = {Marco de Gemmis and Pasquale Lops and Cataldo Musto and Fedelucio Narducci and Giovanni Semeraro},
  title     = {Semantics-Aware Content-Based Recommender Systems},
  booktitle = {Recommender Systems Handbook},
  publisher = {Springer},
  year      = {2015},
  pages     = {119--159},
  doi       = {10.1007/978-1-4899-7637-6_4},
}

@InCollection{Adomavicius2015a,
  author    = {Gediminas Adomavicius and Alexander Tuzhilin},
  title     = {Context-Aware Recommender Systems},
  booktitle = {Recommender Systems Handbook},
  publisher = {Springer},
  year      = {2015},
  pages     = {191--226},
  doi       = {10.1007/978-1-4899-7637-6_6},
}

@Article{Zhang2019,
  author    = {Shuai Zhang and Lina Yao and Aixin Sun and Yi Tay},
  title     = {Deep Learning Based Recommender System},
  journal   = {{ACM} Computing Surveys},
  year      = {2019},
  volume    = {52},
  number    = {1},
  pages     = {1--38},
  doi       = {10.1145/3285029},
  publisher = {{ACM}},
}

@Article{Quadrana2018,
  author    = {Massimo Quadrana and Paolo Cremonesi and Dietmar Jannach},
  title     = {Sequence-Aware Recommender Systems},
  journal   = {{ACM} Computing Surveys},
  year      = {2018},
  volume    = {51},
  number    = {4},
  pages     = {1--36},
  doi       = {10.1145/3190616},
  publisher = {{ACM}},
}

@Article{Hong2009,
  author    = {Jong-yi Hong and Eui-ho Suh and Sung-Jin Kim},
  title     = {Context-aware systems: A literature review and classification},
  journal   = {Expert Systems with Applications},
  year      = {2009},
  volume    = {36},
  number    = {4},
  pages     = {8509--8522},
  doi       = {10.1016/j.eswa.2008.10.071},
  publisher = {Elsevier {BV}},
}

@Article{Park2012,
  author    = {Deuk Hee Park and Hyea Kyeong Kim and Il Young Choi and Jae Kyeong Kim},
  title     = {A literature review and classification of recommender systems research},
  journal   = {Expert Systems with Applications},
  year      = {2012},
  volume    = {39},
  number    = {11},
  pages     = {10059--10072},
  doi       = {10.1016/j.eswa.2012.02.038},
  publisher = {Elsevier {BV}},
}

@Article{Portugal2018,
  author    = {Ivens Portugal and Paulo Alencar and Donald Cowan},
  title     = {The use of machine learning algorithms in recommender systems: A systematic review},
  journal   = {Expert Systems with Applications},
  year      = {2018},
  volume    = {97},
  pages     = {205--227},
  doi       = {10.1016/j.eswa.2017.12.020},
  publisher = {Elsevier {BV}},
}

@Article{Yao1995,
  author    = {Y.Y. Yao},
  title     = {Measuring retrieval effectiveness based on user preference of documents},
  journal   = {Journal of the American Society for Information Science},
  year      = {1995},
  volume    = {46},
  number    = {2},
  pages     = {133--145},
  doi       = {10.1002/(sici)1097-4571(199503)46:2<133::aid-asi6>3.0.co;2-z},
  publisher = {Wiley-Blackwell},
}

@InProceedings{Sutskever2011,
  author    = {Sutskever, Ilya and Martens, James and Hinton, Geoffrey},
  title     = {Generating text with recurrent neural networks},
  booktitle = {Proceedings of the 28th International Conference on Machine Learning},
  year      = {2011},
  pages     = {1017--1024},
}

@Article{Harper2015,
  author    = {F. Maxwell Harper and Joseph A. Konstan},
  title     = {The {MovieLens} Datasets: History and Context},
  journal   = {{ACM} Transactions on Interactive Intelligent Systems},
  year      = {2015},
  volume    = {5},
  number    = {4},
  pages     = {1--19},
  doi       = {10.1145/2827872},
  publisher = {Association for Computing Machinery},
}

@Book{Goodfellow2016,
  title     = {Deep Learning},
  publisher = {MIT Press},
  year      = {2016},
  author    = {Ian Goodfellow and Yoshua Bengio and Aaron Courville},
  isbn      = {978-0-262-03561-3},
  note      = {\url{http://www.deeplearningbook.org}},
}

@Article{Jaervelin2002,
  author    = {Kalervo Järvelin and Jaana Kekäläinen},
  title     = {Cumulated gain-based evaluation of {IR} techniques},
  journal   = {{ACM} Transactions on Information Systems},
  year      = {2002},
  volume    = {20},
  number    = {4},
  pages     = {422--446},
  doi       = {10.1145/582415.582418},
  publisher = {Association for Computing Machinery},
}

@InProceedings{Ziegler2005,
  author    = {Cai-Nicolas Ziegler and Sean M. McNee and Joseph A. Konstan and Georg Lausen},
  title     = {Improving recommendation lists through topic diversification},
  booktitle = {Proceedings of the 14th International Conference on World Wide Web},
  year      = {2005},
  pages     = {22--32},
  publisher = {{ACM} Press},
  doi       = {10.1145/1060745.1060754},
}

@Article{Herlocker2004,
  author    = {Jonathan L. Herlocker and Joseph A. Konstan and Loren G. Terveen and John T. Riedl},
  title     = {Evaluating collaborative filtering recommender systems},
  journal   = {{ACM} Transactions on Information Systems},
  year      = {2004},
  volume    = {22},
  number    = {1},
  pages     = {5--53},
  doi       = {10.1145/963770.963772},
  publisher = {Association for Computing Machinery},
}

@InCollection{Gunawardana2015,
  author    = {Asela Gunawardana and Guy Shani},
  title     = {Evaluating Recommender Systems},
  booktitle = {Recommender Systems Handbook},
  publisher = {Springer},
  year      = {2015},
  chapter   = {8},
  pages     = {265--308},
  doi       = {10.1007/978-1-4899-7637-6_8},
}

@InProceedings{Herlocker2000,
  author    = {Jonathan L. Herlocker and Joseph A. Konstan and John Riedl},
  title     = {Explaining collaborative filtering recommendations},
  booktitle = {Proceedings of the 2000 {ACM} Conference on Computer Supported Cooperative Work},
  year      = {2000},
  pages     = {241--250},
  publisher = {{ACM} Press},
  doi       = {10.1145/358916.358995},
}

@InProceedings{Said2014,
  author    = {Alan Said and Alejandro Bellog\'in},
  title     = {Comparative recommender system evaluation},
  booktitle = {Proceedings of the 8th {ACM} Conference on Recommender Systems},
  year      = {2014},
  pages     = {129--136},
  publisher = {{ACM} Press},
  doi       = {10.1145/2645710.2645746},
}

@Article{Jannach2015,
  author    = {Dietmar Jannach and Lukas Lerche and Iman Kamehkhosh and Michael Jugovac},
  title     = {What recommenders recommend: an analysis of recommendation biases and possible countermeasures},
  journal   = {User Modeling and User-Adapted Interaction},
  year      = {2015},
  volume    = {25},
  number    = {5},
  pages     = {427--491},
  doi       = {10.1007/s11257-015-9165-3},
  publisher = {Springer Nature},
}

@Article{Bellogin2017,
  author    = {Alejandro Bellog\'in and Pablo Castells and Iv\'an Cantador},
  title     = {Statistical biases in Information Retrieval metrics for recommender systems},
  journal   = {Information Retrieval Journal},
  year      = {2017},
  volume    = {20},
  number    = {6},
  pages     = {606--634},
  doi       = {10.1007/s10791-017-9312-z},
  publisher = {Springer Nature},
}

@Article{Bellogin2017a,
  author    = {Alejandro Bellog\'in and Pablo S\'anchez},
  title     = {Collaborative filtering based on subsequence matching: A new approach},
  journal   = {Information Sciences},
  year      = {2017},
  volume    = {418-419},
  pages     = {432--446},
  doi       = {10.1016/j.ins.2017.08.016},
  publisher = {Elsevier {BV}},
}

@InProceedings{He2017,
  author    = {Ruining He and Wang-Cheng Kang and Julian McAuley},
  title     = {Translation-based Recommendation},
  booktitle = {Proceedings of the Eleventh {ACM} Conference on Recommender Systems},
  year      = {2017},
  pages     = {161--169},
  publisher = {{ACM} Press},
  doi       = {10.1145/3109859.3109882},
}

@InProceedings{Zhou2004,
  author    = {B. Zhou and S.C. Hui and K. Chang},
  title     = {An intelligent recommender system using sequential Web access patterns},
  booktitle = {{IEEE} Conference on Cybernetics and Intelligent Systems},
  year      = {2004},
  pages     = {393--398},
  publisher = {{IEEE}},
  doi       = {10.1109/iccis.2004.1460447},
}

@InCollection{Aggarwal2015,
  author    = {Charu C. Aggarwal},
  title     = {Mining Discrete Sequences},
  booktitle = {Data Mining},
  publisher = {Springer International Publishing},
  year      = {2015},
  chapter   = {15},
  pages     = {493--529},
  doi       = {10.1007/978-3-319-14142-8_15},
}

@InProceedings{Chen2012,
  author    = {Shuo Chen and Josh L. Moore and Douglas Turnbull and Thorsten Joachims},
  title     = {Playlist prediction via metric embedding},
  booktitle = {Proceedings of the 18th {ACM} {SIGKDD} International Conference on Knowledge Discovery and Data Mining},
  year      = {2012},
  pages     = {714--722},
  publisher = {{ACM} Press},
  doi       = {10.1145/2339530.2339643},
}

@InProceedings{Feng2015,
  author    = {Feng, Shanshan and Li, Xutao and Zeng, Yifeng and Cong, Gao and Chee, Yeow Meng and Yuan, Quan},
  title     = {Personalized Ranking Metric Embedding for Next New POI Recommendation},
  booktitle = {Proceedings of the 24th International Conference on Artificial Intelligence},
  year      = {2015},
  pages     = {2069--2075},
  address   = {Buenos Aires, Argentina},
  publisher = {{AAAI} Press},
  isbn      = {978-1-57735-738-4},
  numpages  = {7},
  url       = {https://www.ijcai.org/Proceedings/15/Papers/293.pdf},
}

@InProceedings{Wang2015,
  author    = {Pengfei Wang and Jiafeng Guo and Yanyan Lan and Jun Xu and Shengxian Wan and Xueqi Cheng},
  title     = {Learning Hierarchical Representation Model for Next Basket Recommendation},
  booktitle = {Proceedings of the 38th International {ACM} {SIGIR} Conference on Research and Development in Information Retrieval},
  year      = {2015},
  pages     = {403--412},
  publisher = {{ACM} Press},
  doi       = {10.1145/2766462.2767694},
}

@InCollection{Ricci2015,
  author    = {Francesco Ricci and Lior Rokach and Bracha Shapira},
  title     = {Recommender Systems: Introduction and Challenges},
  booktitle = {Recommender Systems Handbook},
  publisher = {Springer},
  year      = {2015},
  chapter   = {1},
  pages     = {1--34},
  doi       = {10.1007/978-1-4899-7637-6_1},
}

@Article{Su2009,
  author    = {Xiaoyuan Su and Taghi M. Khoshgoftaar},
  title     = {A Survey of Collaborative Filtering Techniques},
  journal   = {Advances in Artificial Intelligence},
  year      = {2009},
  pages     = {1--19},
  doi       = {10.1155/2009/421425},
  publisher = {Hindawi Limited},
}

@InProceedings{Basu1998,
  author    = {Basu, Chumki and Hirsh, Haym and Cohen, William},
  title     = {Recommendation As Classification: Using Social and Content-based Information in Recommendation},
  booktitle = {Proceedings of the Fifteenth National Conference on Artificial Intelligence},
  year      = {1998},
  pages     = {714--720},
  address   = {Madison, Wisconsin, USA},
  publisher = {{AAAI} Press},
  numpages  = {7},
  url       = {https://www.aaai.org/Papers/AAAI/1998/AAAI98-101.pdf},
}

@InProceedings{Ding2005,
  author    = {Yi Ding and Xue Li},
  title     = {Time weight collaborative filtering},
  booktitle = {Proceedings of the 14th {ACM} International Conference on Information and Knowledge Management},
  year      = {2005},
  pages     = {485--492},
  publisher = {{ACM} Press},
  doi       = {10.1145/1099554.1099689},
}

@InProceedings{Rendle2010,
  author    = {Steffen Rendle and Christoph Freudenthaler and Lars Schmidt-Thieme},
  title     = {Factorizing personalized Markov chains for next-basket recommendation},
  booktitle = {Proceedings of the 19th International Conference on World Wide Web},
  year      = {2010},
  pages     = {811--820},
  publisher = {{ACM} Press},
  doi       = {10.1145/1772690.1772773},
}

@Book{Jurafsky2008,
  title     = {Speech and Language Processing},
  publisher = {Prentice Hall},
  year      = {2008},
  author    = {Daniel Jurafsky and James H. Martin},
  isbn      = {978-0-13-187321-6},
}

@Article{Hirschberg1975,
  author    = {D. S. Hirschberg},
  title     = {A linear space algorithm for computing maximal common subsequences},
  journal   = {Communications of the {ACM}},
  year      = {1975},
  volume    = {18},
  number    = {6},
  pages     = {341--343},
  doi       = {10.1145/360825.360861},
  publisher = {Association for Computing Machinery ({ACM})},
}

@Article{Bengio2003,
  author  = {Yoshua Bengio and R\'ejean Ducharme and Pascal Vincent and Christian Jauvin},
  title   = {A Neural Probabilistic Language Model},
  journal = {Journal of Machine Learning Research},
  year    = {2003},
  volume  = {3},
  pages   = {1137-1155},
  url     = {http://www.jmlr.org/papers/v3/bengio03a.html},
}

@InProceedings{Turpin2001,
  author    = {Andrew H. Turpin and William Hersh},
  title     = {Why batch and user evaluations do not give the same results},
  booktitle = {Proceedings of the 24th Annual International {ACM} {SIGIR} Conference on Research and Development in Information Retrieval},
  year      = {2001},
  pages     = {225--231},
  publisher = {{ACM} Press},
  doi       = {10.1145/383952.383992},
}

@InProceedings{Paraschakis2015,
  author    = {Dimitris Paraschakis and Bengt J. Nilsson and John Hollander},
  title     = {Comparative Evaluation of Top-N Recommenders in e-Commerce: An Industrial Perspective},
  booktitle = {{IEEE} 14th International Conference on Machine Learning and Applications},
  year      = {2015},
  pages     = {1024--1031},
  publisher = {{IEEE}},
  doi       = {10.1109/icmla.2015.183},
}

@InProceedings{Sarwar2000,
  author    = {Badrul Sarwar and George Karypis and Joseph Konstan and John Riedl},
  title     = {Analysis of recommendation algorithms for e-commerce},
  booktitle = {Proceedings of the 2nd {ACM} Conference on Electronic Commerce},
  year      = {2000},
  pages     = {158--167},
  publisher = {{ACM} Press},
  doi       = {10.1145/352871.352887},
}

@Book{Rijsbergen1979,
  title     = {Information Retrieval},
  publisher = {Butterworth-Heinemann},
  year      = {1979},
  author    = {C. J. Van Rijsbergen},
}

@InProceedings{Noia2014,
  author    = {Tommaso Di Noia and Vito Claudio Ostuni and Jessica Rosati and Paolo Tomeo and Eugenio Di Sciascio},
  title     = {An analysis of users' propensity toward diversity in recommendations},
  booktitle = {Proceedings of the 8th {ACM} Conference on Recommender Systems},
  year      = {2014},
  pages     = {285--288},
  publisher = {{ACM} Press},
  doi       = {10.1145/2645710.2645774},
}

@InProceedings{Palumbo2017,
  author    = {Enrico Palumbo and Giuseppe Rizzo and Rapha\"el Troncy and Elena Baralis},
  title     = {Predicting Your Next Stop-over from Location-based Social Network Data with Recurrent Neural Networks},
  booktitle = {Proceedings of the 2nd Workshop on Recommenders in Tourism co-located with 11th ACM Conference on Recommender Systems},
  year      = {2017},
  number    = {1906},
  series    = {CEUR Workshop Proceedings},
  pages     = {1--8},
  publisher = {CEUR-WS.org},
  url       = {http://ceur-ws.org/Vol-1906/paper1.pdf},
}

@Article{Sutton2011,
  author    = {Charles Sutton and Andrew McCallum},
  title     = {An Introduction to Conditional Random Fields},
  journal   = {Foundations and Trends in Machine Learning},
  year      = {2011},
  volume    = {4},
  number    = {4},
  pages     = {267--373},
  doi       = {10.1561/2200000013},
  publisher = {Now Publishers},
}

@Article{Nocedal1980,
  author    = {Jorge Nocedal},
  title     = {Updating quasi-Newton matrices with limited storage},
  journal   = {Mathematics of Computation},
  year      = {1980},
  volume    = {35},
  number    = {151},
  pages     = {773--782},
  doi       = {10.1090/s0025-5718-1980-0572855-7},
  publisher = {American Mathematical Society},
}

@Article{Shannon1948,
  author    = {C. E. Shannon},
  title     = {A Mathematical Theory of Communication},
  journal   = {Bell System Technical Journal},
  year      = {1948},
  volume    = {27},
  number    = {3},
  pages     = {379--423},
  doi       = {10.1002/j.1538-7305.1948.tb01338.x},
  publisher = {Institute of Electrical and Electronics Engineers ({IEEE})},
}

@Article{Ludewig2018,
  author    = {Malte Ludewig and Dietmar Jannach},
  title     = {Evaluation of session-based recommendation algorithms},
  journal   = {User Modeling and User-Adapted Interaction},
  year      = {2018},
  volume    = {28},
  number    = {4-5},
  pages     = {331--390},
  doi       = {10.1007/s11257-018-9209-6},
  publisher = {Springer Nature},
}

@Article{Campos2013,
  author    = {Pedro G. Campos and Fernando D\'{i}ez and Iv\'{a}n Cantador},
  title     = {Time-aware recommender systems: a comprehensive survey and analysis of existing evaluation protocols},
  journal   = {User Modeling and User-Adapted Interaction},
  year      = {2013},
  volume    = {24},
  number    = {1-2},
  pages     = {67--119},
  doi       = {10.1007/s11257-012-9136-x},
  publisher = {Springer Nature},
}

@InProceedings{Sanchez2018,
  author    = {Pablo S\'{a}nchez and Alejandro Bellog\'{i}n},
  title     = {Challenges on Evaluating Venue Recommendation Approaches: Position Paper},
  booktitle = {Proceedings of the Workshop on Recommenders in Tourism co-located with the 12th ACM Conference on Recommender Systems},
  year      = {2018},
  number    = {2222},
  series    = {CEUR Workshop Proceedings},
  pages     = {37--40},
  publisher = {CEUR-WS.org},
  url       = {http://ceur-ws.org/Vol-2222/paper8.pdf},
}

@Article{Stai2016,
  author    = {Eleni Stai and Stella Kafetzoglou and Eirini Eleni Tsiropoulou and Symeon Papavassiliou},
  title     = {A holistic approach for personalization, relevance feedback \& recommendation in enriched multimedia content},
  journal   = {Multimedia Tools and Applications},
  year      = {2016},
  volume    = {77},
  number    = {1},
  pages     = {283--326},
  doi       = {10.1007/s11042-016-4209-1},
  publisher = {Springer Nature},
}

@InProceedings{Pouli2015,
  author    = {Vasiliki Pouli and Stella Kafetzoglou and Eirini Eleni Tsiropoulou and Aggeliki Dimitriou and Symeon Papavassiliou},
  title     = {Personalized multimedia content retrieval through relevance feedback techniques for enhanced user experience},
  booktitle = {13th International Conference on Telecommunications},
  year      = {2015},
  publisher = {{IEEE}},
  doi       = {10.1109/contel.2015.7231205},
}

@InProceedings{Costa2011,
  author    = {Alberto Costa and Fabio Roda},
  title     = {Recommender systems by means of information retrieval},
  booktitle = {Proceedings of the International Conference on Web Intelligence, Mining and Semantics},
  year      = {2011},
  publisher = {{ACM} Press},
  doi       = {10.1145/1988688.1988755},
}

@InProceedings{Amato2017,
  author    = {Flora Amato and Vincenzo Moscato and Antonio Picariello and Giancarlo Sperli},
  title     = {{KIRA}: A System for Knowledge-Based Access to Multimedia Art Collections},
  booktitle = {11th International Conference on Semantic Computing},
  year      = {2017},
  publisher = {{IEEE}},
  doi       = {10.1109/icsc.2017.59},
}

@Article{Su2019,
  author    = {Xin Su and Giancarlo Sperli and Vincenzo Moscato and Antonio Picariello and Christian Esposito and Chang Choi},
  title     = {An Edge Intelligence Empowered Recommender System Enabling Cultural Heritage Applications},
  journal   = {{IEEE} Transactions on Industrial Informatics},
  year      = {2019},
  pages     = {1--1},
  doi       = {10.1109/tii.2019.2908056},
  publisher = {{IEEE}},
}

@Article{Albanese2013,
  author    = {Massimiliano Albanese and Antonio d'Acierno and Vincenzo Moscato and Fabio Persia and Antonio Picariello},
  title     = {A Multimedia Recommender System},
  journal   = {{ACM} Transactions on Internet Technology},
  year      = {2013},
  volume    = {13},
  number    = {1},
  pages     = {1--32},
  doi       = {10.1145/2532640},
  publisher = {Association for Computing Machinery},
}

@InProceedings{Albanese2011,
  author    = {Massimiliano Albanese and Antonio d'Acierno and Vincenzo Moscato and Fabio Persia and Antonio Picariello},
  title     = {A Multimedia Semantic Recommender System for Cultural Heritage Applications},
  booktitle = {Fifth International Conference on Semantic Computing},
  year      = {2011},
  publisher = {{IEEE}},
  doi       = {10.1109/icsc.2011.47},
}

@Article{Albanese2010,
  author    = {Massimiliano Albanese and Angelo Chianese and Antonio d'Acierno and Vincenzo Moscato and Antonio Picariello},
  title     = {A multimedia recommender integrating object features and user behavior},
  journal   = {Multimedia Tools and Applications},
  year      = {2010},
  volume    = {50},
  number    = {3},
  pages     = {563--585},
  doi       = {10.1007/s11042-010-0480-8},
  publisher = {Springer Nature},
}

@InProceedings{Steck2013,
  author    = {Steck, Harald},
  title     = {Evaluation of Recommendations: Rating-prediction and Ranking},
  booktitle = {Proceedings of the 7th ACM Conference on Recommender Systems},
  year      = {2013},
  series    = {RecSys '13},
  pages     = {213--220},
  address   = {Hong Kong, China},
  publisher = {ACM},
  acmid     = {2507160},
  doi       = {10.1145/2507157.2507160},
  isbn      = {978-1-4503-2409-0},
  numpages  = {8},
}

@InProceedings{Gerbil2015,
  author    = {Usbeck, Ricardo and R\"{o}der, Michael and Ngonga Ngomo, Axel-Cyrille and Baron, Ciro and Both, Andreas and Br\"{u}mmer, Martin and Ceccarelli, Diego and Cornolti, Marco and Cherix, Didier and Eickmann, Bernd and Ferragina, Paolo and Lemke, Christiane and Moro, Andrea and Navigli, Roberto and Piccinno, Francesco and Rizzo, Giuseppe and Sack, Harald and Speck, Ren{\'e} and Troncy, Rapha\"{e}l and Waitelonis, J\"{o}rg and Wesemann, Lars},
  title     = {GERBIL: General Entity Annotator Benchmarking Framework},
  booktitle = {Proceedings of the 24th International Conference on World Wide Web},
  year      = {2015},
  series    = {WWW '15},
  pages     = {1133--1143},
  address   = {Republic and Canton of Geneva, Switzerland},
  publisher = {International World Wide Web Conferences Steering Committee},
  acmid     = {2741626},
  doi       = {10.1145/2736277.2741626},
  isbn      = {978-1-4503-3469-3},
  keywords  = {archivability, benchmarking framework, reusability, semantic entity annotation system},
  location  = {Florence, Italy},
  numpages  = {11},
}

@InProceedings{Texygen2018,
  author    = {Zhu, Yaoming and Lu, Sidi and Zheng, Lei and Guo, Jiaxian and Zhang, Weinan and Wang, Jun and Yu, Yong},
  title     = {Texygen: A Benchmarking Platform for Text Generation Models},
  booktitle = {The 41st International ACM SIGIR Conference on Research \& Development in Information Retrieval},
  year      = {2018},
  series    = {SIGIR '18},
  pages     = {1097--1100},
  address   = {New York, NY, USA},
  publisher = {{ACM}},
  doi       = {10.1145/3209978.3210080},
  isbn      = {978-1-4503-5657-2},
  keywords  = {benchmarking, evaluation metrics, text generation},
  location  = {Ann Arbor, MI, USA},
  numpages  = {4},
}

@InProceedings{Rendle2009,
  author = {Rendle, Steffen and Freudenthaler, Christoph and Gantner, Zeno and Schmidt-Thieme, Lars},
  title = {BPR: Bayesian Personalized Ranking from Implicit Feedback},
  booktitle = {Proceedings of the Twenty-Fifth Conference on Uncertainty in Artificial Intelligence},
  series = {UAI '09},
  year = {2009},
  isbn = {978-0-9749039-5-8},
  location = {Montreal, Quebec, Canada},
  pages = {452--461},
  numpages = {10},
  url = {https://arxiv.org/pdf/1205.2618.pdf},
  publisher = {AUAI Press},
  address = {Arlington, Virginia, United States},
}

@InProceedings{Hu2008,
  author    = {Hu, Yifan and Koren, Yehuda and Volinsky, Chris},
  title     = {Collaborative Filtering for Implicit Feedback Datasets},
  booktitle = {Proceedings of the 2008 Eighth IEEE International Conference on Data Mining},
  year      = {2008},
  series    = {ICDM '08},
  pages     = {263--272},
  address   = {Washington, DC, USA},
  publisher = {IEEE Computer Society},
  acmid     = {1511352},
  doi       = {10.1109/ICDM.2008.22},
  isbn      = {978-0-7695-3502-9},
  keywords  = {Collaborative filtering, recommender system, implicit feedback},
  numpages  = {10},
}

@InProceedings{Ge2010,
  author    = {Mouzhi Ge and Carla Delgado-Battenfeld and Dietmar Jannach},
  title     = {Beyond Accuracy: Evaluating Recommender Systems by Coverage and Serendipity},
  booktitle = {Proceedings of the Fourth ACM Conference on Recommender Systems},
  series    = {RecSys '10},
  year      = {2010},
  pages     = {257--260},
  publisher = {ACM},
  address   = {New York, NY, USA},
  doi       = {10.1145/1864708.1864761},
}

@InProceedings{Vargas2011,
  author    = {Sa\'ul Vargas and Pablo Castells},
  title     = {Rank and Relevance in Novelty and Diversity Metrics for Recommender Systems},
  booktitle = {Proceedings of the Fifth ACM Conference on Recommender Systems},
  series    = {RecSys '11},
  year      = {2011},
  pages     = {109--116},
  publisher = {ACM},
  address   = {New York, NY, USA},
  doi       = {10.1145/2043932.2043955},
}

@Article{Gil2018,
  author    = {Stephanie Gil and Jes\'us Bobadilla and Fernando Ortega and Bo O. Zhu},
  title     = {{VisualRS} : Java framework for visualization of recommender systems information},
  journal   = {Knowledge-Based Systems},
  year      = {2018},
  volume    = {155},
  pages     = {66--70},
  doi       = {10.1016/j.knosys.2018.04.028},
  publisher = {Elsevier {BV}},
}

@Article{Cardoso2019,
  author    = {Bruno Cardoso and Gayane Sedrakyan and Francisco Guti{\'{e}}rrez and Denis Parra and Peter Brusilovsky and Katrien Verbert},
  title     = {{IntersectionExplorer}, a multi-perspective approach for exploring recommendations},
  journal   = {International Journal of Human-Computer Studies},
  year      = {2019},
  volume    = {121},
  pages     = {73--92},
  doi       = {10.1016/j.ijhcs.2018.04.008},
  publisher = {Elsevier {BV}},
}

@InProceedings{Kunkel2017,
  author    = {Johannes Kunkel and Benedikt Loepp and J\"urgen Ziegler},
  title     = {A 3D Item Space Visualization for Presenting and Manipulating User Preferences in Collaborative Filtering},
  booktitle = {Proceedings of the 22nd International Conference on Intelligent User Interfaces},
  series    = {{IUI} '17},
  year      = {2017},
  pages     = {3--15},
  publisher = {ACM},
  address   = {New York, NY, USA},
  doi       = {10.1145/3025171.3025189},
}

@InProceedings{Qian2016,
  author    = {Dong Qian and Cheng Yang and Chen Li and Ling Bai},
  title     = {A visualization and interaction system of multivariate movie network data},
  booktitle = {2016 {IEEE} International Conference on Signal and Image Processing ({ICSIP})},
  year      = {2016},
  publisher = {{IEEE}},
  doi       = {10.1109/siprocess.2016.7888288},
}

@InProceedings{Cremonesi2010,
  author    = {Cremonesi, Paolo and Koren, Yehuda and Turrin, Roberto},
  title     = {Performance of Recommender Algorithms on Top-n Recommendation Tasks},
  booktitle = {Proceedings of the Fourth ACM Conference on Recommender Systems},
  series    = {RecSys '10},
  year      = {2010},
  pages     = {39--46},
  doi       = {10.1145/1864708.1864721},
  publisher = {ACM},
  address   = {New York, NY, USA},
}

@InProceedings{Coba2017,
  author    = {\c{C}oba, Ludovik and Symeonidis, Panagiotis and Zanker, Markus},
  title     = {Visual Analysis of Recommendation Performance},
  booktitle = {Proceedings of the Eleventh ACM Conference on Recommender Systems},
  series    = {RecSys '17},
  year      = {2017},
  isbn      = {978-1-4503-4652-8},
  location  = {Como, Italy},
  pages     = {362--363},
  doi       = {10.1145/3109859.3109982},
  publisher = {ACM},
  address   = {New York, NY, USA},
} 

@Article{Gemmis2015b,
  author    = {Marco de Gemmis and Pasquale Lops and Giovanni Semeraro and Cataldo Musto},
  title     = {An investigation on the serendipity problem in recommender systems},
  journal   = {Information Processing {\&} Management},
  year      = {2015},
  volume    = {51},
  number    = {5},
  pages     = {695--717},
  doi       = {10.1016/j.ipm.2015.06.008},
  publisher = {Elsevier {BV}},
}

@Article{Chen1999,
  author    = {Stanley F. Chen and Joshua Goodman},
  title     = {An empirical study of smoothing techniques for language modeling},
  journal   = {Computer Speech {\&} Language},
  year      = {1999},
  volume    = {13},
  number    = {4},
  pages     = {359--393},
  doi       = {10.1006/csla.1999.0128},
  publisher = {Elsevier {BV}},
}

@InProceedings{Gantner2011,
  author    = {Gantner, Zeno and Rendle, Steffen and Freudenthaler, Christoph and Schmidt-Thieme, Lars},
  title     = {{MyMediaLite}: A Free Recommender System Library},
  booktitle = {Proceedings of the 5th ACM Conference on Recommender Systems},
  year      = {2011},
  series    = {RecSys '11},
  pages     = {305--308},
  address   = {Chicago, Illinois, USA},
  publisher = {ACM},
  numpages  = {4},
  doi       = {10.1145/2043932.2043989},
}

@InProceedings{Cantador2011,
  author = {Cantador, Iv\'{a}n and Brusilovsky, Peter and Kuflik, Tsvi},
  title  = {Second Workshop on Information Heterogeneity and Fusion in Recommender Systems (HetRec2011)},
  booktitle = {Proceedings of the Fifth ACM Conference on Recommender Systems},
  series = {RecSys '11},
  year = {2011},
  isbn = {978-1-4503-0683-6},
  location = {Chicago, Illinois, USA},
  pages = {387--388},
  doi = {10.1145/2043932.2044016},
  publisher = {ACM},
  address = {New York, NY, USA},
} 

@InProceedings{Pasinato2013,
  author    = {Marden Pasinato and Carlos Eduardo Mello and Marie-Aude Aufaure and Geraldo Zimbrao},
  title     = {Generating Synthetic Data for Context-Aware Recommender Systems},
  booktitle = {2013 {BRICS} Congress on Computational Intelligence and 11th Brazilian Congress on Computational Intelligence},
  year      = {2013},
  pages     = {563--567},
  publisher = {{IEEE}},
  address   = {New York, NY, USA},
  doi       = {10.1109/brics-cci-cbic.2013.99},
}

@Article{CarmenRodriguez-Hernandez2017,
  author    = {Mar\'ia del Carmen~Rodr\'iguez-Hern\'andez and Sergio Ilarri and Ram\'on Hermoso and Raquel Trillo-Lado},
  title     = {{DataGenCARS}: A generator of synthetic data for the evaluation of context-aware recommendation systems},
  journal   = {Pervasive and Mobile Computing},
  year      = {2017},
  volume    = {38},
  pages     = {516--541},
  doi       = {10.1016/j.pmcj.2016.09.020},
  publisher = {Elsevier {BV}},
}

@InCollection{Tso2006,
  author    = {Karen H. L. Tso and Lars Schmidt-Thieme},
  title     = {Empirical Analysis of Attribute-Aware Recommendation Algorithms with Variable Synthetic Data},
  booktitle = {Studies in Classification, Data Analysis, and Knowledge Organization},
  publisher = {Springer Publishing},
  address   = {New York, NY, USA},
  year      = {2006},
  pages     = {271--278},
  doi       = {10.1007/3-540-34416-0_29},
}

@InProceedings{Montaner2004,
  author    = {Miquel Montaner and Beatriz L\'{o}pez and Josep Llu\'{i}s de la Rosa},
  title     = {Evaluation of recommender systems through simulated users},
  booktitle = {Proceedings of the 4th International Workshop on Pattern Recognition in Information Systems},
  year      = {2004},
  pages     = {1--6},
  publisher = {{SciTePress}},
  address   = {Set\'{u}bal, Portugal},
  doi       = {10.5220/0002622703030308},
}

@InCollection{Manouselis2008,
  author    = {Nikos Manouselis and Constantina Costopoulou},
  title     = {Preliminary Study of the Expected Performance of {MAUT} Collaborative Filtering Algorithms},
  booktitle = {The Open Knowlege Society. A Computer Science and Information Systems Manifesto},
  publisher = {Springer Publishing},
  address   = {New York, NY, USA},
  year      = {2008},
  pages     = {527--536},
  doi       = {10.1007/978-3-540-87783-7_67},
}

@InProceedings{Yu2012,
  author    = {Hsiang-Fu Yu and Cho-Jui Hsieh and Si Si and Inderjit Dhillon},
  title     = {Scalable Coordinate Descent Approaches to Parallel Matrix Factorization for Recommender Systems},
  booktitle = {2012 {IEEE} 12th International Conference on Data Mining},
  year      = {2012},
  pages     = {765--774},
  publisher = {{IEEE}},
  address   = {New York, NY, USA},
  doi       = {10.1109/icdm.2012.168},
}

@InProceedings{Houkjaer2006,
  author    = {Houkj{\ae}r, Kenneth and Torp, Kristian and Wind, Rico},
  title     = {Simple and Realistic Data Generation},
  booktitle = {Proceedings of the 32nd International Conference on Very Large Data Bases},
  year      = {2006},
  series    = {VLDB '06},
  pages     = {1243--1246},
  publisher = {VLDB Endowment},
  address   = {Los Angeles, CA, USA},
  location  = {Seoul, Korea},
}

@InProceedings{Agrawal1994,
  author    = {Agrawal, Rakesh and Srikant, Ramakrishnan},
  title     = {Fast Algorithms for Mining Association Rules in Large Databases},
  booktitle = {Proceedings of the 20th International Conference on Very Large Data Bases},
  year      = {1994},
  series    = {VLDB '94},
  pages     = {487--499},
  publisher = {Morgan Kaufmann Publishers},
  address   = {Burlington, MA, USA},
}

@Article{Hartigan1979,
  author    = {John A. Hartigan and Manchek A. Wong},
  title     = {Algorithm {AS} 136: A K-Means Clustering Algorithm},
  journal   = {Applied Statistics},
  year      = {1979},
  volume    = {28},
  number    = {1},
  pages     = {100},
  doi       = {10.2307/2346830},
  publisher = {{JSTOR}},
}

@InProceedings{Goodfellow2014,
  title     = {Generative Adversarial Nets},
  author    = {Goodfellow, Ian and Pouget-Abadie, Jean and Mirza, Mehdi and Xu, Bing and Warde-Farley, David and Ozair, Sherjil and Courville, Aaron and Bengio, Yoshua},
  booktitle = {Proceedings of the 27th International Conference on Neural Information Processing Systems},
  volume    = {2},
  pages     = {2672--2680},
  year      = {2014},
  publisher = {MIT Press},
  address   = {Cambridge, MA, USA},
}

@Article{Chen2015,
  author  = {Chen, Li and Chen, Guanliang and Wang, Feng},
  title   = {Recommender systems based on user reviews: The state of the art},
  journal = {User Modeling and User-Adapted Interaction},
  year    = {2015},
  volume  = {25},
  number  = {2},
  pages   = {99--154},
  issn    = {1573-1391},
  doi     = {10.1007/s11257-015-9155-5},
}

@Article{Chatterjee2001,
  author  = {Chatterjee, Patrali},
  title   = {Online reviews: Do consumers use them?},
  journal = {Advances in Consumer Research},
  year    = {2001},
  volume  = {28},
  pages   = {129--133},
  url     = {http://acrwebsite.org/volumes/8455/volumes/v28/NA-28},
}

@InProceedings{Kim2007,
  author    = {Kim, Young Ae and Srivastava, Jaideep},
  title     = {Impact of Social Influence in e-Commerce Decision Making},
  booktitle = {Proceedings of the Ninth International Conference on Electronic Commerce},
  year      = {2007},
  series    = {ICEC '07},
  pages     = {293--302},
  address   = {Minneapolis, MN, USA},
  publisher = {ACM},
  doi       = {10.1145/1282100.1282157},
  isbn      = {978-1-59593-700-1},
  numpages  = {10},
}

@Article{Aciar2007,
  author  = {Aciar, S. and Zhang, D. and Simoff, S. and Debenham, J.},
  title   = {Informed Recommender: Basing Recommendations on Consumer Product Reviews},
  journal = {{IEEE} Intelligent Systems},
  year    = {2007},
  volume  = {22},
  number  = {3},
  pages   = {39--47},
  issn    = {1541-1672},
  doi     = {10.1109/MIS.2007.55},
}

@InProceedings{Yates2008,
  author    = {Yates, Alexander and Joseph, James and Popescu, Ana-Maria and Cohn, Alexander D. and Sillick, Nick},
  title     = {{SHOPSMART}: Product Recommendations Through Technical Specifications and User Reviews},
  booktitle = {Proceedings of the 17th ACM Conference on Information and Knowledge Management},
  year      = {2008},
  series    = {CIKM '08},
  pages     = {1501--1502},
  publisher = {ACM},
  isbn      = {978-1-59593-991-3},
  doi       = {10.1145/1458082.1458355},
}

@Article{Qiu2011,
  author  = {Guang Qiu and Bing Liu and Jiajun Bu and Chun Chen},
  title   = {Opinion Word Expansion and Target Extraction through Double Propagation},
  journal = {Comput. Linguist.},
  year    = {2011},
  volume  = {37},
  number  = {1},
  pages   = {9--27},
  issn    = {0891-2017},
  doi     = {10.1162/coli_a_00034},
}

@InProceedings{Somprasertsri2010,
  author    = {Gamgarn Somprasertsri and Pattarachai Lalitrojwong},
  title     = {Extracting product features and opinions from product reviews using dependency analysis},
  booktitle = {Seventh International Conference on Fuzzy Systems and Knowledge Discovery},
  year      = {2010},
  series    = {FSKD '10},
  pages     = {2358--2362},
  publisher = {{IEEE}},
  doi       = {10.1109/FSKD.2010.5569865},
}

@InProceedings{Dong2013,
  author    = {Dong, Ruihai and Schaal, Markus and O'Mahony, Michael P. and {McCarthy}, Kevin and Smyth, Barry},
  title     = {Opinionated Product Recommendation},
  booktitle = {Case-Based Reasoning Research and Development},
  year      = {2013},
  pages     = {44--58},
  publisher = {Springer Berlin Heidelberg},
  doi       = {10.1007/978-3-642-39056-2_4},
}

@InProceedings{Dzikowski2012,
  author    = {Dzikowski, Jakub and Kaczmarek, Monika and Lazaruk, Szymon and Abramowicz, Witold},
  title     = {Challenges in Using Linked Data within a Social Web Recommendation Application to Semantically Annotate and Discover Venues},
  booktitle = {Multidisciplinary Research and Practice for Information Systems},
  year      = {2012},
  pages     = {360--374},
  publisher = {Springer Berlin Heidelberg},
  isbn      = {978-3-642-32498-7},
  doi       = {10.1007/978-3-642-32498-7_27},
}

@InProceedings{DiNoia2015,
  author    = {Di Noia, Tommaso and Ostuni, Vito Claudio},
  title     = {Recommender Systems and Linked Open Data},
  booktitle = {Reasoning Web. Web Logic Rules},
  year      = {2015},
  pages     = {88--113},
  publisher = {Springer International Publishing},
  isbn      = {978-3-319-21768-0},
  doi       = {10.1007/978-3-319-21768-0_4},
}

@InProceedings{Damljanovic2012,
  author    = {Damljanovic, Danica and Stankovic, Milan and Laublet, Philippe},
  title     = {Linked Data-Based Concept Recommendation: Comparison of Different Methods in Open Innovation Scenario},
  booktitle = {The Semantic Web: Research and Applications},
  year      = {2012},
  pages     = {24--38},
  publisher = {Springer Berlin Heidelberg},
  isbn      = {978-3-642-30283-1},
  doi       = {10.1007/978-3-642-30284-8_9},
}

@InProceedings{Passant2010,
  author    = {Passant, Alexandre},
  title     = {{dbrec}: Music Recommendations Using {DBpedia}},
  booktitle = {The Semantic Web},
  year      = {2010},
  volume    = {2},
  series    = {ISWC 2010},
  pages     = {209--224},
  publisher = {Springer Berlin Heidelberg},
  doi       = {10.1007/978-3-642-17749-1_14},
}

@InProceedings{Heitmann2010,
  author    = {Heitmann, Benjamin and Hayes, Conor},
  title     = {Using Linked Data to Build Open, Collaborative Recommender Systems},
  booktitle = {AAAI Spring Symposium: Linked Data Meets Artificial Intelligence},
  year      = {2010},
  pages     = {76--81},
  publisher = {AAAI},
}

@InProceedings{Musto2016,
  author    = {Musto, Cataldo and Lops, Pasquale and Basile, Pierpaolo and de Gemmis, Marco and Semeraro, Giovanni},
  title     = {Semantics-aware Graph-based Recommender Systems Exploiting Linked Open Data},
  booktitle = {Proceedings of the 2016 Conference on User Modeling Adaptation and Personalization},
  year      = {2016},
  series    = {UMAP '16},
  pages     = {229--237},
  address   = {Halifax, Nova Scotia, Canada},
  publisher = {ACM},
  doi       = {10.1145/2930238.2930249},
  isbn      = {978-1-4503-4368-8},
  numpages  = {9},
}

@InProceedings{Vagliano2016,
  author    = {Vagliano, Iacopo and Figueroa, Cristhian and Rodr\'iguez Rocha, Oscar and Torchiano, Marco and Faron{-}Zucker, Catherine and Morisio, Maurizio},
  title     = {{ReDyAl}: A Dynamic Recommendation Algorithm based on Linked Data},
  booktitle = {New Trends in Content-Based Recommender Systems},
  year      = {2016},
  number    = {1673},
  series    = {CEUR Workshop Proceedings},
  pages     = {31--38},
  publisher = {CEUR-WS.org},
  url       = {http://ceur-ws.org/Vol-1673/paper6.pdf},
}

@InProceedings{DiNoia2012,
  author    = {Di Noia, Tommaso and Mirizzi, Roberto and Ostuni, Vito Claudio and Romito, Davide},
  title     = {Exploiting the Web of Data in Model-based Recommender Systems},
  booktitle = {Proceedings of the Sixth ACM Conference on Recommender Systems},
  year      = {2012},
  series    = {RecSys '12},
  pages     = {253--256},
  address   = {Dublin, Ireland},
  publisher = {ACM},
  acmid     = {2366007},
  doi       = {10.1145/2365952.2366007},
  isbn      = {978-1-4503-1270-7},
  numpages  = {4},
}

@InProceedings{Ostuni2014,
  author    = {Ostuni, Vito Claudio and Di Noia, Tommaso and Mirizzi, Roberto and Di Sciascio, Eugenio},
  title     = {A Linked Data Recommender System Using a Neighborhood-Based Graph Kernel},
  booktitle = {E-Commerce and Web Technologies},
  year      = {2014},
  series    = {EC-Web 2014},
  pages     = {89--100},
  publisher = {Springer International Publishing},
  isbn      = {978-3-319-10491-1},
  doi       = {10.1007/978-3-319-10491-1_10},
}

@Article{DiNoia2016,
  author  = {Di Noia, Tommaso and Ostuni, Vito Claudio and Tomeo, Paolo and Di Sciascio, Eugenio},
  title   = {{SPrank}: Semantic Path-Based Ranking for Top-N Recommendations Using Linked Open Data},
  journal = {ACM Trans. Intell. Syst. Technol.},
  year    = {2016},
  volume  = {8},
  number  = {1},
  pages   = {9:1--9:34},
  issn    = {2157-6904},
  doi     = {10.1145/2899005},
}

@InProceedings{Saathoff2010,
  author    = {Saathoff, Carsten and Scherp, Ansgar},
  title     = {Unlocking the Semantics of Multimedia Presentations in the Web with the Multimedia Metadata Ontology},
  booktitle = {Proceedings of the 19th International Conference on World Wide Web},
  year      = {2010},
  series    = {WWW '10},
  pages     = {831--840},
  address   = {Raleigh, North Carolina, USA},
  publisher = {ACM},
  doi       = {10.1145/1772690.1772775},
  isbn      = {978-1-60558-799-8},
  numpages  = {10},
}

@InProceedings{Hoffart2011,
  author    = {Hoffart, Johannes and Yosef, Mohamed Amir and Bordino, Ilaria and F{\"u}rstenau, Hagen and Pinkal, Manfred and Spaniol, Marc and Taneva, Bilyana and Thater, Stefan and Weikum, Gerhard},
  title     = {Robust Disambiguation of Named Entities in Text},
  booktitle = {EMNLP 2011},
  year      = {2011},
  pages     = {782--792},
  publisher = {ACL},
}

@InProceedings{Daiber2013,
  author    = {Joachim Daiber and Max Jakob and Chris Hokamp and Pablo N. Mendes},
  title     = {Improving Efficiency and Accuracy in Multilingual Entity Extraction},
  booktitle = {Proceedings of the 9th International Conference on Semantic Systems},
  year      = {2013},
  series    = {I-SEMANTICS '13},
  publisher = {ACM},
  doi       = {10.1145/2506182.2506198},
}

@InProceedings{Gangemi2013,
  author    = {Gangemi, Aldo},
  title     = {A Comparison of Knowledge Extraction Tools for the Semantic Web},
  booktitle = {The Semantic Web: Semantics and Big Data},
  year      = {2013},
  series    = {ESWC 2013},
  pages     = {351--366},
  publisher = {Springer Berlin Heidelberg},
  doi       = {10.1007/978-3-642-38288-8_24},
}

@InProceedings{Bellogin2010,
  author    = {Bellog\'in, Alejandro and Cantador, Iv\'an and Castells, Pablo},
  title     = {A Study of Heterogeneity in Recommendations for a Social Music Service},
  booktitle = {Proceedings of the 1st International Workshop on Information Heterogeneity and Fusion in Recommender Systems},
  year      = {2010},
  series    = {HetRec '10},
  pages     = {1--8},
  publisher = {ACM},
  isbn      = {978-1-4503-0407-8},
  doi       = {10.1145/1869446.1869447},
}

@InProceedings{Zhang2008,
  author    = {Zhang, Mi and Hurley, Neil},
  title     = {Avoiding Monotony: Improving the Diversity of Recommendation Lists},
  booktitle = {Proceedings of the 2008 ACM Conference on Recommender Systems},
  year      = {2008},
  series    = {RecSys '08},
  pages     = {123--130},
  publisher = {ACM},
  isbn      = {978-1-60558-093-7},
  numpages  = {8},
  doi       = {10.1145/1454008.1454030},
}

@Article{Ruxton2006,
  author  = {Ruxton, Graeme D.},
  title   = {The unequal variance t-test is an underused alternative to Student's t-test and the Mann--Whitney U test},
  journal = {Behavioral Ecology},
  year    = {2006},
  volume  = {17},
  number  = {4},
  pages   = {688-690},
  doi     = {10.1093/beheco/ark016},
}

@Article{Lecun2015,
  title={Deep learning},
  author={LeCun, Yann and Bengio, Yoshua and Hinton, Geoffrey},
  journal={Nature},
  volume={521},
  number={7553},
  pages={436--444},
  year={2015},
  publisher={Nature Research},
  doi = {10.1038/nature14539},
}

@Article{Hochreiter1997,
  title={Long short-term memory},
  author={Hochreiter, Sepp and Schmidhuber, J{\"u}rgen},
  journal={Neural computation},
  volume={9},
  number={8},
  pages={1735--1780},
  year={1997},
  publisher={MIT Press},
  doi = {10.1162/neco.1997.9.8.1735},
}

@Article{Chung2014,
  title={Empirical evaluation of gated recurrent neural networks on sequence modeling},
  author={Chung, Junyoung and Gulcehre, Caglar and Cho, KyungHyun and Bengio, Yoshua},
  journal={arXiv preprint},
  year={2014},
  url={https://arxiv.org/abs/1412.3555}
}

@InProceedings{Tang2015,
  title={Document Modeling with Gated Recurrent Neural Network for Sentiment Classification},
  author={Tang, Duyu and Qin, Bing and Liu, Ting},
  booktitle={EMNLP},
  pages={1422--1432},
  year={2015},
  doi={10.18653/v1/D15-1167},
}

@InProceedings{Karpathy2015,
  author    = {Karpathy, Andrej and Fei-Fei, Li},
  title     = {Deep visual-semantic alignments for generating image descriptions},
  booktitle = {Proceedings of the IEEE Conference on Computer Vision and Pattern Recognition},
  year      = {2015},
  pages     = {3128--3137},
  doi       = {10.1109/TPAMI.2016.2598339},
}

@InProceedings{Mikolov2010,
  title={Recurrent neural network based language model},
  author={Mikolov, Tomas and Karafi{\'a}t, Martin and Burget, Lukas and Cernock{\`y}, Jan and Khudanpur, Sanjeev},
  booktitle={Interspeech},
  volume={2},
  pages={3},
  year={2010}
}

@InProceedings{Mikolov2013,
  title={Distributed representations of words and phrases and their compositionality},
  author={Mikolov, Tomas and Sutskever, Ilya and Chen, Kai and Corrado, Greg S and Dean, Jeff},
  booktitle={Advances in neural information processing systems},
  pages={3111--3119},
  year={2013}
}

@InProceedings{Rehurek2010,
  author    = {Radim {\v R}eh{\r u}{\v r}ek and Petr Sojka},
  title     = {Software Framework for Topic Modelling with Large Corpora},
  booktitle = {Proceedings of the {LREC 2010} Workshop on New Challenges for {NLP} Frameworks},
  year      = {2010},
  pages     = {45--50},
  address   = {Valletta, Malta},
  publisher = {ELRA},
}

@Article{Blei2003,
 author = {Blei, David M. and Ng, Andrew Y. and Jordan, Michael I.},
 title = {Latent Dirichlet Allocation},
 journal = {Journal of Machine Learning Research},
 volume = {3},
 year = {2003},
 issn = {1532-4435},
 pages = {993--1022},
 numpages = {30},
 publisher = {JMLR.org},
} 

@Article{Joulin2016,
  author  = {Joulin, Armand and Grave, Edouard and Bojanowski, Piotr and Douze, Matthijs and J{\'e}gou, H{\'e}rve and Mikolov, Tomas},
  title   = {FastText.zip: Compressing text classification models},
  journal = {arXiv preprint},
  year    = {2016},
  url     = {https://arxiv.org/abs/1612.03651},
}

@InProceedings{Meseguer2017,
  title = {WASABI: a Two Million Song Database Project with Audio and Cultural Metadata plus WebAudio enhanced Client Applications},
  author = {Meseguer-Brocal, Gabriel and Peeters, Geoffroy and Pellerin, Guillaume and Buffa, Michel and Cabrio, Elena and Faron Zucker, Catherine and Giboin, Alain and Mirbel, Isabelle and Hennequin, Romain and Moussallam, Manuel and Piccoli, Francesco and Fillon, Thomas},
  url = {https://qmro.qmul.ac.uk/xmlui/handle/123456789/26123},
  booktitle = {Proceedings of 3rd Web Audio Conference},
  address = {London, United Kingdom},
  year = {2017},
}

@InProceedings{Graves2013,
  author    = {Alex Graves and Abdel-rahman Mohamed and Geoffrey Hinton},
  title     = {Speech recognition with deep recurrent neural networks},
  booktitle = {{IEEE} International Conference on Acoustics, Speech and Signal Processing},
  year      = {2013},
  publisher = {{IEEE}},
  doi       = {10.1109/icassp.2013.6638947},
}

@Book{Jannach2010,
  title     = {Recommender systems: an introduction},
  author    = {Jannach, Dietmar and Zanker, Markus and Felfernig, Alexander and Friedrich, Gerhard},
  year      = {2010},
  publisher = {Cambridge University Press},
  doi       = {10.1017/CBO9780511763113}
}

@InProceedings{SemRevRec2017,
  author    = {Vagliano, Iacopo and Monti, Diego and Morisio, Maurizio},
  title     = {SemRevRec: A Recommender System based on User Reviews and Linked Data},
  booktitle = {Proceedings of the Poster Track of the 11th {ACM} Conference on Recommender Systems},
  year      = {2017},
  location  = {Como, Italy},
  articleno = {10},
  numpages  = {2},
  url       = {http://ceur-ws.org/Vol-1905/recsys2017_poster10.pdf},
  publisher = {CEUR-WS.org},
  address   = {Aachen, Germany},
}

@InProceedings{Annotation2017,
  author    = {Vagliano, Iacopo and Monti, Diego and Scherp, Ansgar and Morisio, Maurizio},
  title     = {Content Recommendation Through Semantic Annotation of User Reviews and Linked Data},
  booktitle = {Proceedings of the Knowledge Capture Conference},
  series    = {K-CAP 2017},
  year      = {2017},
  location  = {Austin, TX, USA},
  pages     = {32:1--32:4},
  articleno = {32},
  numpages  = {4},
  doi       = {10.1145/3148011.3148035},
  publisher = {ACM},
  address   = {New York, NY, USA},
}

@InProceedings{Challenge2018,
  author    = {Monti, Diego and Palumbo, Enrico and Rizzo, Giuseppe and Lisena, Pasquale and Troncy, Rapha\"{e}l and Fell, Michael and Cabrio, Elena and Morisio, Maurizio},
  title     = {An Ensemble Approach of Recurrent Neural Networks Using Pre-Trained Embeddings for Playlist Completion},
  booktitle = {Proceedings of the ACM Recommender Systems Challenge 2018},
  series    = {RecSys Challenge '18},
  year      = {2018},
  location  = {Vancouver, BC, Canada},
  pages     = {13:1--13:6},
  articleno = {13},
  numpages  = {6},
  doi       = {10.1145/3267471.3267484},
  publisher = {ACM},
  address   = {New York, NY, USA},
}

@InProceedings{Sequeval2018,
  author    = {Diego Monti and Enrico Palumbo and Giuseppe Rizzo and Maurizio Morisio},
  title     = {Sequeval: A framework to assess and benchmark sequence-based recommender systems},
  booktitle = {Proceedings of the Workshop on Offline Evaluation for Recommender Systems co-located with the 12th {ACM} Conference on Recommender Systems},
  year      = {2018},
  location  = {Vancouver, BC, Canada},
  url       = {https://arxiv.org/abs/1810.04956},
  publisher = {Workshop Organizers},
  address   = {Vancouver, BC, Canada},
  numpages  = {2},
  articleno = {5}
}

@InProceedings{RecLab2018,
  author    = {Monti, Diego and Rizzo, Giuseppe and Morisio, Maurizio},
  title     = {A Distributed and Accountable Approach to Offline Recommender Systems Evaluation},
  booktitle = {Proceedings of the Workshop on Offline Evaluation for Recommender
  Systems co-located with the 12th {ACM} Conference on Recommender Systems},
  year      = {2018},
  location  = {Vancouver, BC, Canada},
  url       = {https://arxiv.org/abs/1810.04957},
  publisher = {Workshop Organizers},
  address   = {Vancouver, BC, Canada},
  numpages  = {5},
  articleno = {6}
}

@InProceedings{Clustering2019,
  author    = {Monti, Diego and Rizzo, Giuseppe and Morisio, Maurizio},
  title     = {All You Need is Ratings: A Clustering Approach to Synthetic Rating Datasets Generation},
  booktitle = {Proceedings of the Workshop on Reinforcement and Robust Estimators co-located with the 13th {ACM} Conference on Recommender Systems},
  year      = {2019},
  location  = {Copenhagen, Denmark},
  url       = {https://arxiv.org/abs/1909.00687},
  publisher = {Workshop Organizers},
  address   = {Copenhagen, Denmark},
  numpages  = {5},
  articleno = {6}
}

@InProceedings{Visualizing2019,
  author    = {Monti, Diego and Rizzo, Giuseppe and Morisio, Maurizio},
  title     = {Visualizing Ratings in Recommender System Datasets},
  booktitle = {Proceedings of the 6th Joint Workshop on Interfaces and Human Decision Making for Recommender Systems co-located with the 13th {ACM} Conference on Recommender Systems},
  year      = {2019},
  location  = {Copenhagen, Denmark},
  url       = {http://ceur-ws.org/Vol-2450/short2.pdf},
  publisher = {CEUR-WS.org},
  address   = {Aachen, Germany},
  pages     = {60--64},
  numpages  = {5},
  articleno = {8}
}

@Article{Sequeval2019,
  author    = {Monti, Diego and Palumbo, Enrico and Rizzo, Giuseppe and Morisio, Maurizio},
  title     = {Sequeval: An Offline Evaluation Framework for Sequence-Based Recommender Systems}, volume    = {10},
  doi       = {10.3390/info10050174},
  number    = {5},
  journal   = {Information},
  publisher = {MDPI AG},
  year      = {2019},
  month     = {5},
  pages     = {174},
}

@InProceedings{Mining2020,
  author    = {Leonardi, Simone and Monti, Diego and Rizzo, Giuseppe and Morisio, Maurizio},
  title     = {Mining Micro-Influencers from Social Media Posts},
  booktitle = {Proceedings of the 35th ACM/SIGAPP Symposium on Applied Computing},
  year      = {In Press},
  location  = {Brno, Czech Republic},
  doi       = {10.1145/3341105.3373954},
  publisher = {{ACM}},
  address   = {New York, NY, USA},
  pages     = {},
  numpages  = {8},
  articleno = {}
}

@Article{TwitPersonality2018,
  author    = {Carducci, Giulio and Rizzo, Giuseppe and Monti, Diego and Palumbo, Enrico and Morisio, Maurizio},
  title     = {TwitPersonality: Computing Personality Traits from Tweets Using Word Embeddings and Supervised Learning},
  volume    = {9},
  doi       = {10.3390/info9050127},
  number    = {5},
  journal   = {Information},
  publisher = {MDPI AG},
  year      = {2018},
  month     = {5},
  pages     = {127},
}

@Article{entity2rec2020,
  author    = {Palumbo, Enrico and Monti, Diego and Rizzo, Giuseppe and Troncy, Rapha\"el and Baralis, Elena},
  title     = {entity2rec: Property-Specific Knowledge Graph Embeddings for Item Recommendation}, volume    = {},
  doi       = {10.1016/j.eswa.2020.113235},
  number    = {},
  journal   = {Expert Systems with Applications},
  publisher = {Elsevier {BV}},
  year      = {In Press},
  month     = {},
  pages     = {},
}